% ============================================================================ %
% Encoding: UTF-8 (žluťoučký kůň úpěl ďábelšké ódy)
% ============================================================================ %

% Postgres docu
@misc{docuPgwhatIsPg,
  title     = {PostgreSQL 15.1 Documentation - What Is PostgreSQL?},
  url       = {https://www.postgresql.org/docs/15/intro-whatis.html},
  publisher = {The PostgreSQL Global Development Group},
  author    = {The PostgreSQL Global Development Group},
  note      = {[visited 2023-02-08]},
  date      = {2022}
}

@misc{docuPg,
  title     = {PostgreSQL 15.1 Documentation},
  url       = {https://www.postgresql.org/docs/15/index.html},
  publisher = {The PostgreSQL Global Development Group},
  author    = {The PostgreSQL Global Development Group},
  note      = {[visited 2023-02-08]},
  date      = {2022}
}

@misc{docuPgBriefHistory,
  title     = {PostgreSQL 15.1 Documentation - History},
  url       = {https://www.postgresql.org/docs/15/history.html},
  publisher = {The PostgreSQL Global Development Group},
  author    = {The PostgreSQL Global Development Group},
  note      = {[visited 2023-02-08]},
  date      = {2022}
}

@misc{docuPgWAL,
  title     = {PostgreSQL: Documentation: 15: 30.3. Write-Ahead Logging (WAL)},
  url       = {https://www.postgresql.org/docs/current/wal-intro.html},
  publisher = {The PostgreSQL Global Development Group},
  author    = {The PostgreSQL Global Development Group},
  note      = {[visited 2023-02-21]},
  date      = {2022}
}

@misc{docuPgDump,
  title     = {PostgreSQL: Documentation: 15: 26.1. SQL Dump},
  url       = {https://www.postgresql.org/docs/15/backup-dump.html},
  publisher = {The PostgreSQL Global Development Group},
  author    = {The PostgreSQL Global Development Group},
  note      = {[visited 2023-02-23]},
  date      = {2022}
}

@misc{docuPgPITR,
  title     = {PostgreSQL: Documentation: 15: 26.3. Continuous Archiving and Point-in-Time Recovery (PITR)},
  url       = {https://www.postgresql.org/docs/15/continuous-archiving.html},
  publisher = {The PostgreSQL Global Development Group},
  author    = {The PostgreSQL Global Development Group},
  note      = {[visited 2023-02-23]},
  date      = {2022}
}

@misc{docuPgHA,
  title     = {PostgreSQL: Documentation: 15: 27. High Availability, Load Balancing, and Replication},
  url       = {https://www.postgresql.org/docs/15/high-availability.html},
  publisher = {The PostgreSQL Global Development Group},
  author    = {The PostgreSQL Global Development Group},
  note      = {[visited 2023-02-23]},
  date      = {2022}
}

@misc{docuPgFailover,
  title     = {PostgreSQL: Documentation: 15: 27.3. Failover},
  url       = {https://www.postgresql.org/docs/15/warm-standby-failover.html},
  publisher = {The PostgreSQL Global Development Group},
  author    = {The PostgreSQL Global Development Group},
  note      = {[visited 2023-02-23]},
  date      = {2022}
}

@misc{docuPgSwCatalogue,
  title     = {PostgreSQL: Software Catalogue - Clustering/replication},
  url       = {https://www.postgresql.org/docs/15/warm-standby-failover.html},
  publisher = {The PostgreSQL Global Development Group},
  author    = {The PostgreSQL Global Development Group},
  note      = {[visited 2023-03-10]},
  date      = {2022}
}


% PostgreSQL 14 Administration Cookbook
@inbook{pg14introduction,
  author    = {Simon Riggs and Gianni Ciolli},
  title     = {PostgreSQL 14 Administration Cookbook},
  publisher = {Packt publishing},
  address   = {Birmingham},
  year      = {2022},
  edition   = {1},
  isbn      = {9781803248974},
  chapter   = {{Introducing PostgreSQL 14}},
  pages     = {2--8}
}

@book{Riggs2022,
  author    = {Simon Riggs and Gianni Ciolli},
  title     = {PostgreSQL 14 Administration Cookbook},
  publisher = {Packt publishing},
  address   = {Birmingham},
  year      = {2022},
  edition   = {1},
  isbn      = {9781803248974}
}

@inbook{pg14replication,
  author    = {Simon Riggs and Gianni Ciolli},
  title     = {PostgreSQL 14 Administration Cookbook},
  publisher = {Packt publishing},
  address   = {Birmingham},
  year      = {2022},
  edition   = {1},
  isbn      = {9781803248974},
  chapter   = {Replication and Upgrades},
  pages     = {499--557}
}

% Learning PostgreSQL
@inbook{juba2015learningTransactionIsolation,
  author    = {Juba, Salahaldin and Vannahme, Achim and Volkov, Andrey},
  title     = {Learning PostgreSQL},
  year      = {2015},
  publisher = {Packt Publishing Ltd},
  isbn      = {9781783989188},
  edition   = {1},
  chapter   = {Relational databases},
  pages     = {1--4}
}

@book{juba2015learning,
  author    = {Juba, Salahaldin and Vannahme, Achim and Volkov, Andrey},
  title     = {Learning PostgreSQL},
  year      = {2015},
  publisher = {Packt Publishing Ltd},
  isbn      = {9781783989188},
  edition   = {1}
}

% Stack Overflow
@misc{so2022survey,
  title     = {Stack Overflow 2022 Developer Survey},
  url       = {https://survey.stackoverflow.co/2022/},
  publisher = {Stack Exchange Inc.},
  author    = {Stack Exchange Inc.},
  date      = {2022},
  note      = {[visited 2023-02-07]}
}

% Kubernetes as an availability manager for microservice applications
@article{vayghan2019kubernetes,
  title   = {Kubernetes as an availability manager for microservice applications},
  author  = {Vayghan, Leila Abdollahi and Saied, Mohamed Aymen and Toeroe, Maria and Khendek, Ferhat},
  journal = {arXiv preprint arXiv:1901.04946},
  year    = {2019}
}

% Mastering Kubernetes
@inbook{masteringKubernetesConcepts,
  author    = {Gigi Sayfan},
  title     = {Mastering Kubernetes},
  subtitle  = {level up your container orchestration skills with Kubernetes to build, run, secure, and observe large-scale distributed apps},
  publisher = {Packt Publishing},
  address   = {Birmingham},
  year      = {[2020].},
  edition   = {Third edition},
  isbn      = {978-183-9211-256},
  chapter   = {Kubernetes concepts}
}

@inbook{masteringKubernetesStorage,
  author    = {Gigi Sayfan},
  title     = {Mastering Kubernetes},
  subtitle  = {level up your container orchestration skills with Kubernetes to build, run, secure, and observe large-scale distributed apps},
  publisher = {Packt Publishing},
  address   = {Birmingham},
  year      = {[2020].},
  edition   = {Third edition},
  isbn      = {978-183-9211-256},
  chapter   = {Managing Storage},
  pages     = {175--219}
}

% Kubernetes Documentation
@misc{docuKubeComponents,
  author  = { The Kubernetes Authors},
  journal = {Kubernetes},
  title   = {Kubernetes Components},
  url     = {https://kubernetes.io/docs/concepts/overview/components/},
  note    = {[visited 2023-02-07]}
}

@misc{docuKubePods,
  author  = { The Kubernetes Authors},
  journal = {Kubernetes},
  title   = {Pods},
  url     = {https://kubernetes.io/docs/concepts/workloads/pods/},
  note    = {[visited 2023-02-07]}
}

@misc{docuKubeStaticPod,
  author  = { The Kubernetes Authors},
  journal = {Kubernetes},
  title   = {Create static Pods},
  url     = {https://kubernetes.io/docs/tasks/configure-pod-container/static-pod/},
  note    = {[visited 2023-02-07]}
}

@misc{docuKubeReplicaset,
  author  = { The Kubernetes Authors},
  journal = {Kubernetes},
  title   = {ReplicaSet},
  url     = {https://kubernetes.io/docs/concepts/workloads/controllers/replicaset/},
  note    = {[visited 2023-02-07]}
}

@misc{docuKubeSevice,
  author  = { The Kubernetes Authors},
  journal = {Kubernetes},
  title   = {Service},
  url     = {https://kubernetes.io/docs/concepts/services-networking/service/},
  note    = {[visited 2023-02-07]}
}

@misc{docuKubeStatefulSet,
  author  = {The Kubernetes Authors},
  journal = {Kubernetes},
  title   = {StatefulSets},
  url     = {https://kubernetes.io/docs/concepts/workloads/controllers/statefulset/},
  note    = {[visited 2023-02-24]}
}

@misc{docuKubeControllers,
  author  = {The Kubernetes Authors},
  journal = {Kubernetes},
  title   = {Controllers},
  url     = {https://kubernetes.io/docs/concepts/architecture/controller/},
  note    = {[visited 2023-03-02]}
}

@misc{docuKubeCR,
  author  = {The Kubernetes Authors},
  journal = {Kubernetes},
  title   = {Custom Resources},
  url     = {https://kubernetes.io/docs/concepts/extend-kubernetes/api-extension/custom-resources/},
  note    = {[visited 2023-03-02]}
}



% Kubernetes: up and running
@book{kubeUpAndRunning,
  title     = {Kubernetes: up and running},
  author    = {Burns, Brendan and Beda, Joe and Hightower, Kelsey and Evenson, Lachlan},
  year      = {2022},
  publisher = {" O'Reilly Media, Inc."},
  edition   = {Third edition}
}

@inbook{kubeUpAndRunningPods,
  title     = {Kubernetes: up and running},
  author    = {Burns, Brendan and Beda, Joe and Hightower, Kelsey and Evenson, Lachlan},
  year      = {2022},
  publisher = {" O'Reilly Media, Inc."},
  edition   = {Third edition},
  chapter   = {{Pods}}
}


% Kubernetes operators
@book{Dobies2020,
  author    = {Jason Dobies and Joshua Wood},
  title     = {Kubernetes operators},
  subtitle  = {automating the container orchestration platform},
  publisher = {O'Reilly Media},
  address   = {Sebastopol, CA},
  year      = {2020},
  isbn      = {978-149-2048-046}
}

@inbook{OperatorsPreface,
  author    = {Jason Dobies and Joshua Wood},
  title     = {Kubernetes operators},
  subtitle  = {Preface},
  publisher = {O'Reilly Media},
  address   = {Sebastopol, CA},
  year      = {2020},
  isbn      = {978-149-2048-046},
  pages     = {XIII--XVI}
}

@inbook{OperatorsTeaches,
  author    = {Jason Dobies and Joshua Wood},
  title     = {Kubernetes operators},
  subtitle  = {Operators Teach Kubernetes New Tricks},
  publisher = {O'Reilly Media},
  address   = {Sebastopol, CA},
  year      = {2020},
  isbn      = {978-149-2048-046},
  pages     = {4--8}
}

@inbook{OperatorsAtK8sIface,
  author    = {Jason Dobies and Joshua Wood},
  title     = {Kubernetes operators},
  subtitle  = {The Operator Framework},
  publisher = {O'Reilly Media},
  address   = {Sebastopol, CA},
  year      = {2020},
  isbn      = {978-149-2048-046},
  pages     = {27--32}
}

@inbook{OperatorsOframework,
  author    = {Jason Dobies and Joshua Wood},
  title     = {Kubernetes operators},
  subtitle  = {Operators at the Kubernetes Interface},
  publisher = {O'Reilly Media},
  address   = {Sebastopol, CA},
  year      = {2020},
  isbn      = {978-149-2048-046},
  pages     = {27--32}
}

% Life cycle management
@misc{ALM,
  author  = {Chappel David},
  journal = {David Chappel},
  title   = {WHAT IS APPLICATION LIFECYCLE MANAGEMENT?},
  url     = {http://davidchappell.com/writing/white_papers/What_is_ALM_v2.0--Chappell.pdf},
  note    = {[visited 2023-02-07]}
}

% Crunchy
@misc{Crunchy,
  author  = {Crunchy Data Solutions, Inc.},
  journal = {Crunchy Data},
  title   = {Trusted Open Source PostgreSQL and Commercial Support for the Enterprise},
  url     = {https://www.crunchydata.com},
  note    = {[visited 2023-02-07]}
}

% Crunchy
@misc{CrunchyDoc,
  author  = {Crunchy Data Solutions, Inc.},
  journal = {Crunchy Data},
  title   = {PGO, the Postgres Operator from Crunchy Data},
  url     = {https://access.crunchydata.com/documentation/postgres-operator/5.3.0},
  note    = {[visited 2023-02-14]}
}

@misc{CrunchyDocCreate,
  author  = {Crunchy Data Solutions, Inc.},
  journal = {Crunchy Data},
  title   = {PGO, the Postgres Operator from Crunchy Data},
  url     = {https://access.crunchydata.com/documentation/postgres-operator/5.3.0/tutorial/create-cluster/},
  note    = {[visited 2023-02-15]}
}

@misc{CrunchyDocUpdate,
  author  = {Crunchy Data Solutions, Inc.},
  journal = {Crunchy Data},
  title   = {PGO, the Postgres Operator from Crunchy Data},
  url     = {https://access.crunchydata.com/documentation/postgres-operator/5.3.0/tutorial/customize-cluster/},
  note    = {[visited 2023-02-15]}
}

@misc{CrunchyDocDelete,
  author  = {Crunchy Data Solutions, Inc.},
  journal = {Crunchy Data},
  title   = {PGO, the Postgres Operator from Crunchy Data},
  url     = {https://access.crunchydata.com/documentation/postgres-operator/5.3.0/tutorial/delete-cluster/},
  note    = {[visited 2023-02-15]}
}

@misc{CrunchyDocHA,
  author  = {Crunchy Data Solutions, Inc.},
  journal = {Crunchy Data},
  title   = {PGO, the Postgres Operator from Crunchy Data},
  url     = {https://access.crunchydata.com/documentation/postgres-operator/5.3.0/tutorial/high-availability/},
  note    = {[visited 2023-02-15]}
}

@misc{CrunchyDocMinorUpdates,
  author  = {Crunchy Data Solutions, Inc.},
  journal = {Crunchy Data},
  title   = {PGO, the Postgres Operator from Crunchy Data},
  url     = {https://access.crunchydata.com/documentation/postgres-operator/5.3.0/tutorial/update-cluster/},
  note    = {[visited 2023-02-15]}
}

@misc{CrunchyDocBackups,
  author  = {Crunchy Data Solutions, Inc.},
  journal = {Crunchy Data},
  title   = {PGO, the Postgres Operator from Crunchy Data},
  url     = {https://access.crunchydata.com/documentation/postgres-operator/5.3.0/tutorial/backups/},
  note    = {[visited 2023-02-15]}
}

@misc{CrunchyDocDisasterRecovery,
  author  = {Crunchy Data Solutions, Inc.},
  journal = {Crunchy Data},
  title   = {PGO, the Postgres Operator from Crunchy Data},
  url     = {https://access.crunchydata.com/documentation/postgres-operator/5.3.0/tutorial/disaster-recovery/},
  note    = {[visited 2023-02-15]}
}

@misc{CrunchyDocMonitoring,
  author  = {Crunchy Data Solutions, Inc.},
  journal = {Crunchy Data},
  title   = {PGO, the Postgres Operator from Crunchy Data},
  url     = {https://access.crunchydata.com/documentation/postgres-operator/5.3.0/tutorial/monitoring/},
  note    = {[visited 2023-02-15]}
}

@misc{CrunchyDocConnectionPooling,
  author  = {Crunchy Data Solutions, Inc.},
  journal = {Crunchy Data},
  title   = {PGO, the Postgres Operator from Crunchy Data},
  url     = {https://access.crunchydata.com/documentation/postgres-operator/5.3.0/tutorial/connection-pooling/},
  note    = {[visited 2023-02-15]}
}

@misc{CrunchyDocArchitecture,
  author  = {Andrew L'Ecuyer},
  journal = {Crunchy Data},
  title   = {Easy Postgres Major Version Upgrades Using PGO v5.1},
  url     = {https://access.crunchydata.com/documentation/postgres-operator/5.3.0/architecture/overview/},
  note    = {[visited 2023-02-15]}
}

@misc{CrunchyPGOGit,
  author  = {Crunchy Data Solutions, Inc.},
  journal = {Crunchy Data},
  title   = {PGO, the Postgres Operator from Crunchy Data},
  url     = {https://github.com/CrunchyData/postgres-operator},
  note    = {[visited 2023-02-15]}
}

@misc{CrunchyBlogUpdates,
  author  = {Crunchy Data Solutions, Inc.},
  journal = {Crunchy Data},
  title   = {PGO, the Postgres Operator from Crunchy Data},
  url     = {https://www.crunchydata.com/blog/easy-major-postgresql-upgrades-using-pgo-v51},
  note    = {[visited 2023-02-17]}
}

@misc{CrunchyDocCustomisation,
  author  = {Crunchy Data Solutions, Inc.},
  journal = {Crunchy Data},
  title   = {Customize a Postgres Cluster},
  url     = {https://access.crunchydata.com/documentation/postgres-operator/v5/tutorial/customize-cluster/},
  note    = {[visited 2023-03-10]}
}

@misc{CrunchyV531releaseNotes,
  author  = {Crunchy Data Solutions, Inc.},
  journal = {Crunchy Data},
  title   = {Customize a Postgres Cluster},
  url     = {https://access.crunchydata.com/documentation/postgres-operator/5.3.1/releases/5.3.1/},
  note    = {[visited 2023-04-15]}
}




% EDB 
@misc{EDB,
  author  = {EnterpriseDB Corporation},
  journal = {EDB},
  title   = {About EDB},
  url     = {https://www.enterprisedb.com/company},
  note    = {[visited 2023-02-13]}
}

@misc{EDBdocu,
  author  = {EnterpriseDB Corporation},
  journal = {EDB Docs},
  title   = {EDB Postgres for Kubernetes v1},
  url     = {https://www.enterprisedb.com/docs/postgres_for_kubernetes/latest/},
  note    = {[visited 2023-02-13]}
}

@misc{EDBdocuLicence,
  author  = {EnterpriseDB Corporation},
  journal = {EDB Docs},
  title   = {EDB Postgres for Kubernetes v1},
  url     = {https://www.enterprisedb.com/docs/postgres_for_kubernetes/latest/license_keys},
  note    = {[visited 2023-02-17]}
}


% Cloud Native PG
@misc{CNPGdocuConfiguration,
  author  = {The CloudNativePG Contributors},
  journal = {CloudNativePG},
  title   = {CloudNativePG},
  url     = {https://cloudnative-pg.io/documentation/1.19/postgres_for_kubernetes/latest/postgresql_conf/},
  note    = {[visited 2023-02-17]}
}

@misc{CNPGdocuTDE,
  author  = {The CloudNativePG Contributors},
  journal = {CloudNativePG},
  title   = {CloudNativePG},
  url     = {https://cloudnative-pg.io/documentation/1.19/postgres_for_kubernetes/latest/tde/},
  note    = {[visited 2023-02-17]}
}

@misc{CNPGdocuQuickstart,
  author  = {The CloudNativePG Contributors},
  journal = {CloudNativePG},
  title   = {CloudNativePG},
  url     = {https://cloudnative-pg.io/documentation/1.19/quickstart/},
  note    = {[visited 2023-02-17]}
}

@misc{CNPGdocuConnectionPooling,
  author  = {The CloudNativePG Contributors},
  journal = {CloudNativePG},
  title   = {CloudNativePG},
  url     = {https://cloudnative-pg.io/documentation/1.19/postgres_for_kubernetes/latest/connection_pooling/},
  note    = {[visited 2023-02-17]}
}

@misc{CNPGdocuCapabilityLevels,
  author  = {The CloudNativePG Contributors},
  journal = {CloudNativePG},
  title   = {CloudNativePG},
  url     = {https://cloudnative-pg.io/documentation/1.19/postgres_for_kubernetes/latest/replica_cluster/},
  note    = {[visited 2023-02-17]}
}

@misc{CNPGdocuLicence,
  author  = {EnterpriseDB Corporation},
  journal = {EDB Docs},
  title   = {EDB Postgres for Kubernetes v1},
  url     = {https://cloudnative-pg.io/documentation/1.19/postgres_for_kubernetes/latest/license_keys},
  note    = {[visited 2023-02-17]}
}

@misc{CNPGdocu,
  author  = {The CloudNativePG Contributors},
  journal = {CloudNativePG},
  title   = {CloudNativePG},
  url     = {https://cloudnative-pg.io/documentation/1.19/},
  note    = {[visited 2023-02-17]}
}

@misc{CNPGdocuReplication,
  author  = {The CloudNativePG Contributors},
  journal = {CloudNativePG},
  title   = {CloudNativePG},
  url     = {https://cloudnative-pg.io/documentation/1.19/replication/},
  note    = {[visited 2023-02-17]}
}

@misc{CNPGdocuUpdates,
  author  = {The CloudNativePG Contributors},
  journal = {CloudNativePG},
  title   = {CloudNativePG},
  url     = {https://cloudnative-pg.io/documentation/1.19/rolling_update/#rolling-updates},
  note    = {[visited 2023-02-17]}
}

@misc{CNPGdocuDatabaseImports,
  author  = {The CloudNativePG Contributors},
  journal = {CloudNativePG},
  title   = {CloudNativePG},
  url     = {https://cloudnative-pg.io/documentation/1.19/database_import/},
  note    = {[visited 2023-02-17]}
}

@misc{CNPGreleases,
  author  = {The CloudNativePG Contributors},
  journal = {CloudNativePG},
  title   = {Release notes for CloudNativePG 1.19},
  url     = {https://cloudnative-pg.io/documentation/1.19/release_notes/v1.19/},
  note    = {[visited 2023-04-15]}
}

@misc{CNPGdocuBackup,
  author  = {EnterpriseDB Corporation},
  journal = {EDB Docs},
  title   = {EDB Postgres for Kubernetes v1},
  url     = {https://cloudnative-pg.io/documentation/1.19/postgres_for_kubernetes/latest/backup_recovery/},
  note    = {[visited 2023-02-16]}
}

% StackGres
@misc{SPGOgitlab,
  author  = {OnGres Inc.},
  journal = {GitLab},
  title   = {OnGres Inc. / StackGres},
  url     = {https://gitlab.com/ongresinc/stackgres},
  note    = {[visited 2023-02-20]}
}

@misc{SPGOgitlabChangelog,
  author  = {OnGres Inc.},
  journal = {GitLab},
  title   = {CHANGELOG.md · main · OnGres Inc. / StackGres},
  url     = {https://gitlab.com/ongresinc/stackgres/-/blob/main/CHANGELOG.md},
  note    = {[visited 2023-02-20]}
}

@misc{OnGres,
  author  = {OnGres Inc.},
  journal = {OnGres},
  title   = {About},
  url     = {https://www.ongres.com/about-us/},
  note    = {[visited 2023-02-20]}
}

@misc{SPGOFeatures,
  author  = {OnGres Inc.},
  journal = {StackGres},
  title   = {Features},
  url     = {https://stackgres.io/features/},
  note    = {[visited 2023-02-20]}
}

@misc{SPGODocuMajorUpdates,
  author  = {OnGres Inc.},
  journal = {StackGres Documentation},
  title   = {SGDbOps},
  url     = {https://stackgres.io/doc/latest/reference/crd/sgdbops/#major-version-upgrade},
  note    = {[visited 2023-02-20]}
}

@misc{SPGODocuCustomization,
  author  = {OnGres Inc.},
  journal = {StackGres Documentation},
  title   = {SGPostgresConfig},
  url     = {https://stackgres.io/doc/latest/reference/crd/sgpgconfig/},
  note    = {[visited 2023-02-20]}
}

@misc{SPGODocuLicence,
  author  = {OnGres Inc.},
  journal = {StackGres Documentation},
  title   = {Licensing},
  url     = {https://stackgres.io/doc/latest/intro/license/},
  note    = {[visited 2023-02-20]}
}

@misc{SPGODocuArchitecture,
  author  = {OnGres Inc.},
  journal = {StackGres Documentation},
  title   = {Architecture},
  url     = {https://stackgres.io/doc/latest/intro/architecture/},
  note    = {[visited 2023-02-20]}
}

% Percona
@misc{Percona,
  author  = {Percona LLC},
  journal = {Percona},
  title   = {About Percona - Percona},
  url     = {https://www.percona.com/about},
  note    = {[visited 2023-02-14]}
}

@misc{PerconaBlogProsAndCons,
  author  = {Sergey Pronin},
  journal = {Percona Database Performance Blog},
  title   = {Run PostgreSQL in Kubernetes: Solutions, Pros and Cons},
  url     = {https://www.percona.com/blog/run-postgresql-in-kubernetes-solutions-pros-and-cons/},
  note    = {[visited 2023-02-20]}
}

@misc{PerconaBlogConnectionPooling,
  author  = {Avinash Vallarapu, Jobin Augustine, Fernando Laudares Camargos},
  journal = {Percona Database Performance Blog},
  title   = {Scaling PostgreSQL using Connection Poolers and Load Balancers for an Enterprise Grade environment},
  url     = {https://www.percona.com/blog/scaling-postgresql-using-connection-poolers-and-load-balancers-for-an-enterprise-grade-environment/},
  note    = {[visited 2023-02-24]}
}

@misc{PerconaDocuMonitoring,
  author  = {Percona LLC},
  journal = {Percona Operator for PostgreSQL},
  title   = {Monitor with Percona Monitoring and Management (PMM)},
  url     = {https://docs.percona.com/percona-operator-for-postgresql/monitoring.html},
  note    = {[visited 2023-02-2o]}
}

@misc{PerconaDocuCompare,
  author  = {Percona LLC},
  journal = {Percona Operator for PostgreSQL},
  title   = {Comparison with other solutions},
  url     = {https://docs.percona.com/percona-operator-for-postgresql/compare.html},
  note    = {[visited 2023-02-20]}
}

@misc{PerconaDocuBackups,
  author  = {Percona LLC},
  journal = {Percona Operator for PostgreSQL},
  title   = {Providing Backups},
  url     = {https://docs.percona.com/percona-operator-for-postgresql/backups.html},
  note    = {[visited 2023-02-21]}
}

@misc{PerconaDocuUpdate,
  author  = {Percona LLC},
  journal = {Percona Operator for PostgreSQL},
  title   = {Update Percona Operator for PostgreSQL},
  url     = {https://docs.percona.com/percona-operator-for-postgresql/update.html},
  note    = {[visited 2023-02-21]}
}

@misc{PerconaDocuV2,
  author  = {Percona LLC},
  journal = {Percona Operator for PostgreSQL},
  title   = {Percona Operator for PostgreSQL},
  url     = {https://docs.percona.com/percona-operator-for-postgresql/2.0/index.html},
  note    = {[visited 2023-02-21]}
}


% Operator hub
@misc{OperatorHubCrunchy,
  author  = {OperatorHub.io},
  journal = {OperatorHub.io},
  title   = {OperatorHub.io | The registry for Kubernetes Operators},
  url     = {https://operatorhub.io/operator/postgresql},
  note    = {[visited 2023-02-07]}
}

@misc{OperatorHubEDB,
  author  = {OperatorHub.io},
  journal = {OperatorHub.io},
  title   = {OperatorHub.io | The registry for Kubernetes Operators},
  url     = {https://operatorhub.io/operator/cloud-native-postgresql},
  note    = {[visited 2023-02-13]}
}

@misc{OperatorHubPercona,
  author  = {OperatorHub.io},
  journal = {OperatorHub.io},
  title   = {OperatorHub.io | The registry for Kubernetes Operators},
  url     = {https://operatorhub.io/operator/percona-postgresql-operator},
  note    = {[visited 2023-02-14]}
}

@misc{OperatorHubPGSearch,
  author  = {OperatorHub.io},
  journal = {OperatorHub.io},
  title   = {OperatorHub.io | The registry for Kubernetes Operators},
  url     = {https://operatorhub.io/?keyword=postgres},
  note    = {[visited 2023-03-10]}
}

@misc{OperatorHubStackgres,
  author  = {OperatorHub.io},
  journal = {OperatorHub.io},
  title   = {OperatorHub.io | The registry for Kubernetes Operators},
  url     = {https://operatorhub.io/operator/stackgres},
  note    = {[visited 2023-02-14]}
}

% Artifact hub
@misc{ArtifactHubCrunchy,
  author  = {The Linux Foundation},
  journal = {Artifact Hub},
  title   = {postgresql 5.3.0 · operator-framework/community-operators},
  url     = {https://artifacthub.io/packages/olm/community-operators/postgresql},
  note    = {[visited 2023-03-10]}
}

% ProOpenSource OÜ Blog
@misc{PostgresOnKubernetes,
  author  = {Stefanie Janine Stölting},
  journal = {ProOpenSource OÜ Blog},
  title   = {PostgreSQL On Kubernetes Experiences},
  url     = {https://proopensource.it/blog/postgresql-on-k8s-experiences},
  note    = {[visited 2023-02-20]}
}

% Palark
@misc{PalarkComparingKubernetes,
  author  = {Nikolay Bogdanov},
  journal = {Palark | Blog},
  title   = {Comparing Kubernetes operators for PostgreSQL},
  url     = {https://blog.palark.com/comparing-kubernetes-operators-for-postgresql/},
  note    = {[visited 2023-02-20]}
}

@misc{PalarkMigratingPg,
  author  = {Pavel Stratnev},
  journal = {Palark | Blog},
  title   = {Migrating a PostgreSQL database cluster managed by Patroni},
  url     = {https://blog.palark.com/migrating-a-postgresql-cluster-managed-by-patroni/},
  note    = {[visited 2023-02-24]}
}

% PGbackRest
@misc{PGbackRest,
  author  = {The PostgreSQL Global Development Group},
  journal = {pgBackRest},
  title   = {Reliable PostgreSQL Backup and Restore},
  url     = {https://pgbackrest.org},
  note    = {[visited 2023-02-23]},
  date    = {2023}
}

% Patroni
@misc{PatroniDocu,
  author  = {Zalando SE},
  journal = {Patroni 3.0.1 documentation},
  title   = {Introduction — Patroni 3.0.1 documentation},
  url     = {https://patroni.readthedocs.io/en/latest/},
  note    = {[visited 2023-02-24]},
  date    = {2023}
}

% Container Journal
@misc{containerJournal,
  author  = {Gabriele Bartolini},
  journal = {Container Journal},
  title   = {Best of 2022: Why Run Postgres in Kubernetes?},
  url     = {https://containerjournal.com/kubecon-cnc-eu-2022/why-run-postgres-in-kubernetes/},
  note    = {[visited 2023-02-24]},
  date    = {2022}
}

% Github
@misc{githubKube15,
  author  = {Cloud Native Foundaution},
  journal = {Github Kubernetes},
  title   = {kubernetes/CHANGELOG-1.5.md at master · a0x8o/kubernetes},
  url     = {https://github.com/a0x8o/kubernetes/blob/master/CHANGELOG-1.5.md},
  note    = {[visited 2023-02-24]},
  date    = {2022}
}

@misc{githubIBMCr,
  author  = {Cloud Native Foundaution},
  journal = {Kubernetes Operators},
  title   = {Custom Resource (CR)},
  url     = {https://ibm.github.io/kubernetes-operators/lab1/},
  note    = {[visited 2023-03-02]},
  date    = {2020}
}

% Internete archive
@misc{IArchiveCOSOperators,
  author  = {Brandon Philips},
  journal = {CoreOs blog},
  title   = {Introducing Operators: Putting Operational Knowledge into Software},
  url     = {https://web.archive.org/web/20170129131616/https://coreos.com/blog/introducing-operators.html},
  note    = {[visited 2023-03-01]},
  date    = {2016}
}

% The New Stack
@misc{NewStackCRDs,
  author  = {Dawid Ziolkowski},
  journal = {The New Stack},
  title   = {Kubernetes CRDs: What They Are and Why They Are Useful},
  url     = {https://thenewstack.io/kubernetes-crds-what-they-are-and-why-they-are-useful/},
  note    = {[visited 2023-03-01]},
  date    = {2022}
}


% Operator Framwork
@misc{OFrameworkMaturity,
  author  = {The Operator Framework},
  journal = {Operator Framework},
  title   = {Welcome to Operator framework},
  url     = {https://operatorframework.io/operator-capabilities/},
  note    = {[visited 2023-03-03]},
  date    = {2022}
}

% Operator whitepaper
@misc{OperatorWhitepaper,
  author    = {Omer Kahani and Jennifer Strejevitch and Thomas Schuetz and Alex Jones and Hongchao Deng and Grzegorz Głąb and Noah Kantrowitz and John Kinsella and Philippe Martin and Daniel Messer and Roland Pellegrini and Cameron Seader and Umanga Chapagain and Michael Hrivnak and Andy Jeffries and Daniel Pacak and Bartlomiej Plotka and Phil Sautter and Roberth Strand and Anais Urlichs},
  journal   = {Github},
  title     = {CNCF Operator White Paper - Final Version},
  publisher = {Cloud Native Computing Foundation},
  address   = {San Francisco},
  year      = {2023},
  urldate   = {2023-03-03},
  url       = {https://github.com/cncf/tag-app-delivery/blob/main/operator-wg/whitepaper/Operator-WhitePaper_v1-0.md}
}

% Medium
@misc{HusseinMediumPostgres,
  author  = {Hussein Nasser},
  journal = {Medium},
  title   = {PostgreSQL Process Architecture. Creating a listener on the backend…},
  year    = {2023},
  note    = {[visited 2023-03-16]},
  url     = {https://medium.com/@hnasr/postgresql-process-architecture-f21e16459907}
}

% Foundation of Software testing
@book{FoundationOfSoftwareTesting,
  author    = {Dorothy Graham and Rex Black and Erik van Veenendaal},
  title     = {Foundations of software testing},
  subtitle  = {ISTQB certification},
  publisher = {Cengage},
  address   = {Australia},
  year      = {2020},
  edition   = {4},
  isbn      = {978-147-3764-798}
}

Software testing standards
@article{SoftwareTestingStandard3,
  author  = {},
  journal = {ISO/IEC/IEEE 29119-1:2022(E)},
  title   = {ISO/IEC/IEEE International Standard - Software and systems engineering --Software testing --Part 1:General concepts},
  year    = {2022},
  volume  = {},
  number  = {},
  pages   = {1-60},
  doi     = {10.1109/IEEESTD.2022.9698145}
}

@article{ieeeTestProcess,
  author  = {},
  journal = {ISO/IEC/IEEE 29119-2:2013(E)},
  title   = {ISO/IEC/IEEE International Standard - Software and systems engineering —Software testing —Part 2:Test processes},
  year    = {2013},
  volume  = {},
  number  = {},
  pages   = {1-68},
  doi     = {10.1109/IEEESTD.2013.6588543}
}

@article{ieeeTestDocumentantion,
  author  = {},
  journal = {ISO/IEC/IEEE 29119-3:2021(E)},
  title   = {IEEE/ISO/IEC International Standard for Software and systems engineering--Software testing--Part 3:Test documentation},
  year    = {2021},
  volume  = {},
  number  = {},
  pages   = {1-98},
  doi     = {10.1109/IEEESTD.2021.9591577}
}

// Principles of software engineering management
@book{gilb1988principles,
  title     = {Principles of software engineering management},
  author    = {Gilb, Tom and Finzi, Susannah and others},
  volume    = {11},
  year      = {1988},
  publisher = {Addison-wesley Reading, MA}
}

}


% ============================================================================ %
